@BOOK{book:ogata,
  AUTHOR    = {Ogata, Katsuhiko},
  PUBLISHER = {Pearson},
  DATE      = {2009},
  TITLE     = {Modern Control Engineering},
}
